<record><leader>00000cas a22000007a 4500</leader><controlfield tag="001">13778559</controlfield><controlfield tag="008">860625d19781983wiuwr ne      0    0eng d</controlfield><datafield ind1=" " ind2=" " tag="010"><subfield code="a">sn 86086252 </subfield></datafield><datafield ind1=" " ind2=" " tag="040"><subfield code="a">NPV</subfield><subfield code="b">eng</subfield><subfield code="c">NPV</subfield><subfield code="d">OCLCQ</subfield></datafield><datafield ind1=" " ind2=" " tag="042"><subfield code="a">msc</subfield></datafield><datafield ind1="0" ind2="0" tag="245"><subfield code="a">Green Lake County reporter &amp; Markesan regional reporter.</subfield></datafield><datafield ind1="1" ind2="3" tag="246"><subfield code="a">Markesan regional reporter</subfield></datafield><datafield ind1="1" ind2="7" tag="246"><subfield code="a">Green Lake County reporter</subfield></datafield><datafield ind1=" " ind2=" " tag="260"><subfield code="a">Green Lake, Wis. :</subfield><subfield code="b">D. Bicking,</subfield><subfield code="c">1978-1983.</subfield></datafield><datafield ind1=" " ind2=" " tag="300"><subfield code="a">v. :</subfield><subfield code="b">ill.</subfield></datafield><datafield ind1=" " ind2=" " tag="310"><subfield code="a">Weekly</subfield></datafield><datafield ind1="0" ind2=" " tag="362"><subfield code="a">Vol. 78, no. 20 (May 18, 1978)-v. 83, no. 18 (May 5, 1983).</subfield></datafield><datafield ind1=" " ind2=" " tag="500"><subfield code="a">Publisher varies.</subfield></datafield><datafield ind1=" " ind2=" " tag="752"><subfield code="a">United States</subfield><subfield code="b">Wisconsin</subfield><subfield code="c">Green Lake</subfield><subfield code="d">Markesan.</subfield></datafield><datafield ind1=" " ind2=" " tag="752"><subfield code="a">United States</subfield><subfield code="b">Wisconsin</subfield><subfield code="c">Green Lake</subfield><subfield code="d">Green Lake.</subfield></datafield><datafield ind1="0" ind2="4" tag="780"><subfield code="t">Green Lake County reporter (Green Lake, Wis. : 1894)</subfield><subfield code="w">(DLC)sn 86086251</subfield></datafield><datafield ind1="0" ind2="4" tag="780"><subfield code="t">Markesan regional reporter</subfield><subfield code="w">(DLC)sn 86086736</subfield><subfield code="w">(OCoLC)14517399</subfield></datafield><datafield ind1="0" ind2="0" tag="785"><subfield code="t">Green Lake County reporter (Green Lake, Wis. : 1983)</subfield><subfield code="w">(DLC)sn 84002398</subfield><subfield code="w">(OCoLC)13777159</subfield></datafield></record>